<collection xmlns="http://www.loc.gov/MARC21/slim">
<record>
  <leader>00994nam0a22002171i 450 </leader>
  <controlfield tag="001">IT\ICCU\CNCE\071724</controlfield>
  <controlfield tag="005">20071002000000.0</controlfield>
  <datafield tag="100" ind1=" " ind2=" ">
    <subfield code="a">20070830d1556        0itac0103    ba</subfield>
  </datafield>
  <datafield tag="101" ind1=" " ind2=" ">
    <subfield code="a">ITA</subfield>
  </datafield>
  <datafield tag="102" ind1=" " ind2=" ">
    <subfield code="a">CH</subfield>
  </datafield>
  <datafield tag="200" ind1="1" ind2=" ">
    <subfield code="a">℗La ℗dottrina nuoua et vecchia. Nuouamente riueduta secondo la verit ̉de la Santa Scrittura ...</subfield>
  </datafield>
  <datafield tag="210" ind1=" " ind2=" ">
    <subfield code="a">\Ginevra!</subfield>
    <subfield code="c">Jean Baptist Pinereul</subfield>
    <subfield code="d">1556</subfield>
  </datafield>
  <datafield tag="215" ind1=" " ind2=" ">
    <subfield code="a">8ʻ</subfield>
  </datafield>
  <datafield tag="300" ind1=" " ind2=" ">
    <subfield code="a">Per il nome dell&apos;autore cfr.: N. Bingen, Philausone (1500-1660). Rp̌ertoire des ouvrages en langue italienne publiš dans les pays de langue franȧise de 1500  ̉1660, 574</subfield>
  </datafield>
  <datafield tag="620" ind1=" " ind2=" ">
    <subfield code="a">CH</subfield>
    <subfield code="d">Ginevra</subfield>
  </datafield>
  <datafield tag="700" ind1=" " ind2="1">
    <subfield code="a">Rhegius,</subfield>
    <subfield code="b">Urbanus</subfield>
    <subfield code="3">IT\ICCU\CNCA\017768</subfield>
  </datafield>
  <datafield tag="712" ind1="0" ind2="0">
    <subfield code="a">Pineroli, Giovanni Battista</subfield>
    <subfield code="3">IT\ICCU\CNCT\001030</subfield>
    <subfield code="4">650</subfield>
  </datafield>
  <datafield tag="790" ind1=" " ind2="1">
    <subfield code="a">Rieger,</subfield>
    <subfield code="b">Urban</subfield>
    <subfield code="3">IT\ICCU\CNCA\023471</subfield>
    <subfield code="z">Rhegius, Urbanus</subfield>
  </datafield>
  <datafield tag="791" ind1="0" ind2="2">
    <subfield code="a">Pinerolio Giovan Battista</subfield>
    <subfield code="3">IT\ICCU\CNCT\005431</subfield>
    <subfield code="z">Pineroli, Giovanni Battista</subfield>
  </datafield>
  <datafield tag="791" ind1="0" ind2="0">
    <subfield code="a">Pinereul, Jean-Baptiste</subfield>
    <subfield code="3">IT\ICCU\CNCT\005432</subfield>
    <subfield code="z">Pineroli, Giovanni Battista</subfield>
  </datafield>
  <datafield tag="801" ind1=" " ind2="3">
    <subfield code="a">IT</subfield>
    <subfield code="b">ICCU</subfield>
    <subfield code="c">20201115</subfield>
  </datafield>
</record>
</collection>
